<?xml version="1.0" encoding="UTF-8"?><collection xmlns="http://www.loc.gov/MARC21/slim"><record><leader>00549nam--2200181-i-4500</leader><controlfield tag="001">000032442</controlfield><controlfield tag="002">20161230</controlfield><controlfield tag="005">20161230201039</controlfield><controlfield tag="008">060222s1000------------r-----000-0-ger-d</controlfield><datafield ind1=" " ind2=" " tag="040"><subfield code="a">IFIN-HH</subfield></datafield><datafield ind1=" " ind2=" " tag="041"><subfield code="a">ger</subfield></datafield><datafield ind1=" " ind2=" " tag="080"><subfield code="a">539.2(061.3):539.22(061.3):531(061.3)</subfield></datafield><datafield ind1="1" ind2=" " tag="100"><subfield code="a">Stuwe, H.P</subfield></datafield><datafield ind1="1" ind2="0" tag="245"><subfield code="a">Mechanische anisotopie. osterreichische akademie der wissenschaften erich-schmid-institut fur festkoperphysik</subfield><subfield code="c">H.p. stuwe</subfield></datafield><datafield ind1=" " ind2=" " tag="260"><subfield code="a">Wien</subfield><subfield code="b">Springer-verlag</subfield><subfield code="c">1974</subfield></datafield><datafield ind1=" " ind2=" " tag="300"><subfield code="a">VIII+314P</subfield></datafield><datafield ind1=" " ind2=" " tag="852"><subfield code="a">42986</subfield><subfield code="c">539.2</subfield></datafield><datafield ind1=" " ind2=" " tag="CAT"><subfield code="a">Sys</subfield><subfield code="c">20121025</subfield><subfield code="h">102802</subfield></datafield></record></collection>